<?xml version="1.0" encoding="UTF-8"?><collection xmlns="http://www.loc.gov/MARC21/slim"><record><leader>00480nam--2200193-u-4500</leader><controlfield tag="001">000052733</controlfield><controlfield tag="002">20161230</controlfield><controlfield tag="005">20161230201050</controlfield><controlfield tag="008">101008s1000------------r-----000-0-rus-d</controlfield><datafield ind1=" " ind2=" " tag="040"><subfield code="a">IFIN-HH</subfield></datafield><datafield ind1=" " ind2=" " tag="041"><subfield code="a">rus</subfield></datafield><datafield ind1=" " ind2=" " tag="080"><subfield code="a">533:534</subfield></datafield><datafield ind1="1" ind2=" " tag="100"><subfield code="a">Hozdrev, V.F</subfield></datafield><datafield ind1="1" ind2="0" tag="245"><subfield code="a">Molekuliarnaia akustika</subfield><subfield code="c">V.F. Hozdrev, N.V. Fedorisenko</subfield></datafield><datafield ind1=" " ind2=" " tag="260"><subfield code="a">Moskva</subfield><subfield code="b">Visaia skola</subfield><subfield code="c">1974</subfield></datafield><datafield ind1=" " ind2=" " tag="300"><subfield code="a">288p</subfield></datafield><datafield ind1="1" ind2=" " tag="700"><subfield code="a">Fedorisenko, N.V</subfield></datafield><datafield ind1=" " ind2=" " tag="852"><subfield code="a">43018</subfield><subfield code="c">534</subfield></datafield><datafield ind1=" " ind2=" " tag="CAT"><subfield code="a">Sys</subfield><subfield code="c">20101008</subfield><subfield code="h">105533</subfield></datafield></record></collection>